@article{barenImpact,
 	title = {The Impact of the Lambda Calculus in Logic and Computer Science},
 	ISSN = {10798986},
 	URL = {http://www.jstor.org/stable/421013},
 	author = {Barendregt, Henk},
 	journal = {The Bulletin of Symbolic Logic},
 	number = {2},
 	pages = {181--215},
 	publisher = {[Association for Symbolic Logic, Cambridge University Press]},
 	volume = {3},
 	year = {1997}
}

@online{baren94,
    title   = {Introduction to Lambda Calculus},
	author  = {Barendregt, Henk},
	year    = {1994},
    url     = {http://www.cse.chalmers.se/research/group/logic/TypesSS05/Extra/geuvers.pdf},
}

@article{churchRosser,
	ISSN     = {00029947},
	URL      = {http://www.jstor.org/stable/1989762},
	author   = {Alonzo Church and John Barkley Rosser},
	journal  = {Transactions of the American Mathematical Society},
	number   = {3},
	pages    = {472--482},
	publisher = {American Mathematical Society},
	title     = {Some Properties of Conversion},
	volume    = {39},
	year      = {1936}
}

@article{turingPaper,
	author = {Turing, Alan Mathison},
	title = {On Computable Numbers, with an Application to the Entscheidungsproblem},
	journal = {Proceedings of the London Mathematical Society},
	volume = {s2-42},
	number = {1},
	pages = {230-265},
	year = {1937},
	URL = {http://dx.doi.org/10.1112/plms/s2-42.1.230},
}

@article{hudak,
	author = {Hudak, Paul},
 	title = {Conception, Evolution, and Application of Functional Programming Languages},
 	journal = {ACM Comput. Surv.},
 	issue_date = {Sep. 1989},
 	volume = {21},
 	number = {3},
 	year = {1989},
 	issn = {0360-0300},
 	pages = {359--411},
 	url = {http://doi.acm.org/10.1145/72551.72554},
 	publisher = {ACM},
 	address = {New York, NY, USA},
} 

@book{hilbert,
    author = {David Hilbert},
    title  = {Grundzüge der theoretischen Logik},
	year   = {1928},
	publisher = {Springer-Verlag},
}

@article{turingDefin,
	ISSN = {00224812},
 	URL = {http://www.jstor.org/stable/2268280},
 	author = {Turing, Alan Mathison},
 	journal = {The Journal of Symbolic Logic},
 	number = {4},
 	pages = {153--163},
 	publisher = {[Association for Symbolic Logic, Cambridge University Press]},
 	title = {Computability and λ-Definability},
 	volume = {2},
 	year = {1937}
}

@article{churchPaper,
 	ISSN = {00029327, 10806377},
 	URL = {http://www.jstor.org/stable/2371045},
 	author = {Church, Alonzo},
 	journal = {American Journal of Mathematics},
 	number = {2},
 	pages = {345--363},
 	publisher = {Johns Hopkins University Press},
 	title = {An Unsolvable Problem of Elementary Number Theory},
 	volume = {58},
 	year = {1936}
}


@incollection{cardoneHindley,
	title     = "Lambda-Calculus and Combinators in the 20th Century",
	editor    = "Dov M. Gabbay and John Woods",
	series    = "Handbook of the History of Logic",
	publisher = "North-Holland",
	volume    = "5",
	pages     = "723 - 817",
	year      = "2009",
	booktitle = "Logic from Russell to Church",
	issn      = "1874-5857",
	url       = "http://www.sciencedirect.com/science/article/pii/S1874585709700184",
	author    = "Cardone, Felice"
}

@book{zlatuska,
    title     = {Lambda-kalkul},
	author    = {Zlatuška, Jiří},
	isbn      = {80-210-0826-1},
	year      = {1993},
	publisher = {Masaryk university},
}

@Book{pierce,
 	author = {Pierce, Benjamin},
 	title = {Types and programming languages},
 	publisher = {MIT Press},
 	year = {2002},
 	address = {Cambridge, Mass},
 	isbn = {0-262-16209-1}
}

@book{compilers,
	author    = {Aho, Alfred},
 	title     = {Compilers: principles, techniques, \& tools},
 	publisher = {Pearson/Addison Wesley},
 	year      = {2007},
 	address   = {Boston},
 	isbn      = {0-321-48681-1},
    pages     = "61",
}

@online{scottLecture,
    author       = {Scott, Dana},
	title        = {Lambda Calculus Then and Now},
	year         = {2013},
	organization = {Association for Computing Machinery},
	url          = {https://www.youtube.com/watch?v=SphBW9ILVPU},
	urldate      = {2018-04-15},
	note         = {[lecture recording]}
}

@online{Interpreter1,
	author       = {Gong, Liang},
	title        = {λ Calculus Interpreter},
	organization = {University of California, Berkley},
	date         = {2014},
	urldate      = {2018-04-06},
	url          = {https://people.eecs.berkeley.edu/~gongliang13/lambda/},
    note         = {[web app]},
}

@online{Interpreter2,
	author  = {Carter, Zach},
	title   = {Lambda Calculus Evaluator},
	date    = {2010},
	urldate = {2018-04-06},
	url     = {http://zaa.ch/lambdacalc/},
    note         = {[web app]},
}

@online{Interpreter3,
	author  = {Burch, Carl},
	title   = {Lambda Calculator},
	date    = {2012},
	urldate = {2018-04-06},
	url     = {http://www.cburch.com/lambda/},
    note         = {[web app]},
}

@online{Interpreter4,
	author  = {Ben Lynn},
	title   = {Lambda Calculus},
	urldate = {2018-04-06},
	url     = {https://crypto.stanford.edu/~blynn/lambda/},
    note         = {[web app]},
}

@online{Interpreter5,
    author  = {Pryor, Jim},
	title   = {Lambda Evaluator},
	date    = {2015},
	urldate = {2018-04-06},
	url     = {http://lambda.jimpryor.net/code/lambda_evaluator/},
    note         = {[web app]},
} 

@online{Interpreter6,
	author  = {Sestoft, Peter},
	date    = {2002},
	urldate = {2018-04-06},
	url     = {https://www.itu.dk/~sestoft/lamreduce/},
	title   = {Lambda calculus reduction workbench},
    note         = {[web app]},
}

@online{cppRef,
	title   = {Lambda expressions},
	date    = {2018},
   	urldate = {2018-04-20},
	url     = {http://en.cppreference.com/w/cpp/language/lambda},
}

@online{oracleRef,
	title = {Java Programming Language Enhancements},
   	url   = {https://docs.oracle.com/javase/8/docs/technotes/guides/language/enhancements.html#javase8},
	date  = {2018-04-20},
	author = {Oracle Corp.},
}

@misc{slides,
  	author        = {Jan Obdržálek},
  	title         = {IA014 -- Advanced Functional Programming},
  	year          = {2017},
  	publisher     = {Faculty of Informatics, Masaryk University},
  	organization  = {Faculty of Informatics, Masaryk University},
    url           = {https://is.muni.cz/el/1433/jaro2017/IA014/um},
	note          = {lecture notes}
}
